<collection xmlns="http://www.loc.gov/MARC21/slim"><record><leader>00817nam  2200241   450</leader><controlfield tag="001">860</controlfield><controlfield tag="003">http://montalegre.opacnet.com/OPAC/default.aspx?ContentAreaControl=ShowRegHoldings.ascx&amp;RegNo=16662</controlfield><controlfield tag="005">20</controlfield><datafield tag="100" ind1=" " ind2=" "><subfield code="a">20061013f19751980m  y pory010305  ba</subfield></datafield><datafield tag="101" ind1="0" ind2=" "><subfield code="a">por</subfield></datafield><datafield tag="102" ind1=" " ind2=" "><subfield code="a">PT</subfield></datafield><datafield tag="105" ind1=" " ind2=" "><subfield code="a">a   t   000dy</subfield></datafield><datafield tag="200" ind1="1" ind2=" "><subfield code="a">PREC II</subfield><subfield code="e">de Junho de 1977 a Novembro de 1978</subfield><subfield code="f">Augusto Cid</subfield></datafield><datafield tag="210" ind1=" " ind2=" "><subfield code="a">Lisboa</subfield><subfield code="c">Intervenção</subfield></datafield><datafield tag="215" ind1=" " ind2=" "><subfield code="a">[211] p.</subfield><subfield code="c">todo il.</subfield><subfield code="d">20x26 cm</subfield></datafield><datafield tag="606" ind1=" " ind2=" "><subfield code="a">Política</subfield></datafield><datafield tag="608" ind1=" " ind2=" "><subfield code="a">Banda desenhada</subfield><subfield code="2">Autoridade</subfield><subfield code="3">PT-----------2012082717440005561</subfield></datafield><datafield tag="608" ind1=" " ind2=" "><subfield code="a">Cartoons</subfield><subfield code="2">Autoridade</subfield><subfield code="3">PT-----------2012082717490005604</subfield></datafield><datafield tag="675" ind1=" " ind2=" "><subfield code="a">74</subfield></datafield><datafield tag="700" ind1=" " ind2="1"><subfield code="a">Cid</subfield><subfield code="b">Augusto</subfield><subfield code="f">1941-</subfield></datafield><datafield tag="801" ind1=" " ind2="0"><subfield code="a">PT</subfield><subfield code="b">Biblioteca Municipal de Montalegre</subfield><subfield code="g">RPC</subfield></datafield><datafield tag="856" ind1=" " ind2=" "><subfield code="u">locateMedia.asp?cod=20060627110125&amp;ext=jpg</subfield><subfield code="z">CAPA</subfield></datafield><datafield tag="909" ind1="&#9;" ind2=" "><subfield code="a">2</subfield></datafield><datafield tag="966" ind1=" " ind2=" "><subfield code="a">0003460</subfield><subfield code="l">BMM</subfield><subfield code="s">SCG 74 CID pre</subfield></datafield><datafield tag="966" ind1=" " ind2=" "><subfield code="a">0006156</subfield><subfield code="l">BMM</subfield><subfield code="s">SCG 74 CID pre</subfield></datafield></record></collection>